% This file was created with JabRef 2.10.
% Encoding: UTF-8


@Electronic{ska_multimedia_fig,
  Title                    = {SKA Multimedia resources},
  Author                   = {SKA},
  Url                      = {http://www.skatelescope.org/multimedia/image/},

  Owner                    = {klyone},
  Timestamp                = {2016.12.07}
}

